<record><leader>00000cas a22000007a 4500</leader><controlfield tag="001">57711433</controlfield><controlfield tag="008">050222c20009999vaumr ne      0    0eng d</controlfield><datafield ind1=" " ind2=" " tag="010"><subfield code="a">sn2005061592</subfield></datafield><datafield ind1=" " ind2=" " tag="040"><subfield code="a">NVK</subfield><subfield code="b">eng</subfield><subfield code="c">NVK</subfield><subfield code="d">NVK</subfield><subfield code="d">OCLCQ</subfield><subfield code="d">OCLCF</subfield><subfield code="d">OCLCO</subfield></datafield><datafield ind1="1" ind2=" " tag="029"><subfield code="a">AU@</subfield><subfield code="b">000026751957</subfield></datafield><datafield ind1=" " ind2=" " tag="042"><subfield code="a">msc</subfield></datafield><datafield ind1=" " ind2=" " tag="043"><subfield code="a">n-us-va</subfield></datafield><datafield ind1="0" ind2="0" tag="245"><subfield code="a">Lorton valley star.</subfield></datafield><datafield ind1=" " ind2=" " tag="260"><subfield code="a">Lorton, Va. :</subfield><subfield code="b">Floyd Harrison</subfield></datafield><datafield ind1=" " ind2=" " tag="300"><subfield code="a">v.</subfield></datafield><datafield ind1=" " ind2=" " tag="310"><subfield code="a">Monthly</subfield></datafield><datafield ind1="1" ind2=" " tag="362"><subfield code="a">Began in 2000.</subfield></datafield><datafield ind1=" " ind2=" " tag="500"><subfield code="a">"Greater Lorton's own hometown newspaper."</subfield></datafield><datafield ind1=" " ind2=" " tag="500"><subfield code="a">Serving Hayfield to Occoquan, South Run to Manassas Park.</subfield></datafield><datafield ind1=" " ind2=" " tag="500"><subfield code="a">Publisher varies: Lorton Valley Star Communications, &lt;2005-&gt;.</subfield></datafield><datafield ind1=" " ind2=" " tag="588"><subfield code="a">Description based on: Vol. 2, no. 1 (Jan. 2001).</subfield></datafield><datafield ind1=" " ind2="0" tag="651"><subfield code="a">Lorton (Va.)</subfield><subfield code="v">Newspapers.</subfield></datafield><datafield ind1=" " ind2="7" tag="655"><subfield code="a">Newspapers.</subfield><subfield code="2">fast</subfield><subfield code="0">(OCoLC)fst01423814</subfield></datafield><datafield ind1=" " ind2="7" tag="651"><subfield code="a">Virginia</subfield><subfield code="z">Lorton.</subfield><subfield code="2">fast</subfield><subfield code="0">(OCoLC)fst01259831</subfield></datafield><datafield ind1=" " ind2=" " tag="752"><subfield code="a">United States</subfield><subfield code="b">Virginia</subfield><subfield code="c">Fairfax</subfield><subfield code="d">Lorton.</subfield></datafield></record>